@inproceedings{Murdoch:2005:LTA:1058433.1059390,
 author = {Murdoch, Steven J. and Danezis, George},
 title = {Low-Cost Traffic Analysis of Tor},
 booktitle = {Proceedings of the 2005 IEEE Symposium on Security and Privacy},
 series = {SP '05},
 year = {2005},
 isbn = {0-7695-2339-0},
 pages = {183--195},
 numpages = {13},
 url = {http://dx.doi.org/10.1109/SP.2005.12},
 doi = {10.1109/SP.2005.12},
 acmid = {1059390},
 publisher = {IEEE Computer Society},
 address = {Washington, DC, USA},
}
@inproceedings{Dingledine:2004:TSO:1251375.1251396,
 author = {Dingledine, Roger and Mathewson, Nick and Syverson, Paul},
 title = {Tor: The Second-generation Onion Router},
 booktitle = {Proceedings of the 13th Conference on USENIX Security Symposium - Volume 13},
 series = {SSYM'04},
 year = {2004},
 location = {San Diego, CA},
 pages = {21--21},
 numpages = {1},
 url = {http://dl.acm.org/citation.cfm?id=1251375.1251396},
 acmid = {1251396},
 publisher = {USENIX Association},
 address = {Berkeley, CA, USA},
} 
